[gd_scene load_steps=14 format=2]

[ext_resource path="res://src/Controllers/ColorPicker.gd" type="Script" id=1]
[ext_resource path="res://src/Controllers/CurrentColor.gd" type="Script" id=2]
[ext_resource path="res://src/UI/Slider.tscn" type="PackedScene" id=3]
[ext_resource path="res://src/UI/Label3D.tscn" type="PackedScene" id=4]
[ext_resource path="res://src/UI/Button.tscn" type="PackedScene" id=5]
[ext_resource path="res://assets/models/add.obj" type="ArrayMesh" id=6]

[sub_resource type="SpatialMaterial" id=1]

[sub_resource type="CubeMesh" id=2]
size = Vector3( 0.1, 0.1, 0.1 )

[sub_resource type="BoxShape" id=3]
extents = Vector3( 0.049, 0.049, 0.049 )

[sub_resource type="Animation" id=4]
resource_name = "Hover"
length = 0.2
tracks/0/type = "value"
tracks/0/path = NodePath(".:scale")
tracks/0/interp = 1
tracks/0/loop_wrap = true
tracks/0/imported = false
tracks/0/enabled = true
tracks/0/keys = {
"times": PoolRealArray( 0, 0.2 ),
"transitions": PoolRealArray( 1, 1 ),
"update": 0,
"values": [ Vector3( 1, 1, 1 ), Vector3( 1.2, 1.2, 1.2 ) ]
}

[sub_resource type="BoxShape" id=5]
extents = Vector3( 0.05, 0.05, 0.05 )

[sub_resource type="Animation" id=6]
length = 0.2
step = 0.01
tracks/0/type = "value"
tracks/0/path = NodePath("PaletteCollision:disabled")
tracks/0/interp = 1
tracks/0/loop_wrap = true
tracks/0/imported = false
tracks/0/enabled = true
tracks/0/keys = {
"times": PoolRealArray( 0, 0.2 ),
"transitions": PoolRealArray( 1, 1 ),
"update": 1,
"values": [ true, false ]
}
tracks/1/type = "value"
tracks/1/path = NodePath("Palettes:scale")
tracks/1/interp = 1
tracks/1/loop_wrap = true
tracks/1/imported = false
tracks/1/enabled = true
tracks/1/keys = {
"times": PoolRealArray( 0, 0.2 ),
"transitions": PoolRealArray( 1, 1 ),
"update": 0,
"values": [ Vector3( 0.01, 0.01, 0.01 ), Vector3( 1, 1, 1 ) ]
}
tracks/2/type = "value"
tracks/2/path = NodePath("Palettes:visible")
tracks/2/interp = 1
tracks/2/loop_wrap = true
tracks/2/imported = false
tracks/2/enabled = true
tracks/2/keys = {
"times": PoolRealArray( 0, 0.05, 0.2 ),
"transitions": PoolRealArray( 1, 1, 1 ),
"update": 1,
"values": [ false, true, true ]
}
tracks/3/type = "value"
tracks/3/path = NodePath("CollisionShape:disabled")
tracks/3/interp = 1
tracks/3/loop_wrap = true
tracks/3/imported = false
tracks/3/enabled = true
tracks/3/keys = {
"times": PoolRealArray( 0, 0.2 ),
"transitions": PoolRealArray( 1, 1 ),
"update": 1,
"values": [ false, true ]
}
tracks/4/type = "value"
tracks/4/path = NodePath("Sliders:visible")
tracks/4/interp = 1
tracks/4/loop_wrap = true
tracks/4/imported = false
tracks/4/enabled = true
tracks/4/keys = {
"times": PoolRealArray( 0, 0.05, 0.2 ),
"transitions": PoolRealArray( 1, 1, 1 ),
"update": 1,
"values": [ false, true, true ]
}
tracks/5/type = "value"
tracks/5/path = NodePath("Sliders:scale")
tracks/5/interp = 1
tracks/5/loop_wrap = true
tracks/5/imported = false
tracks/5/enabled = true
tracks/5/keys = {
"times": PoolRealArray( 0, 0.2 ),
"transitions": PoolRealArray( 1, 1 ),
"update": 0,
"values": [ Vector3( 0.01, 0.01, 0.01 ), Vector3( 1, 1, 1 ) ]
}

[sub_resource type="BoxShape" id=7]
extents = Vector3( 0.27, 0.01, 0.2 )

[node name="ColorPicker" type="Area"]
collision_layer = 2
collision_mask = 0
script = ExtResource( 1 )

[node name="CurrentColor" type="Area" parent="."]
editor/display_folded = true
collision_layer = 2
collision_mask = 0
script = ExtResource( 2 )

[node name="Mesh" type="MeshInstance" parent="CurrentColor"]
material_override = SubResource( 1 )
mesh = SubResource( 2 )
material/0 = null

[node name="CollisionShape" type="CollisionShape" parent="CurrentColor"]
shape = SubResource( 3 )

[node name="AnimationPlayer" type="AnimationPlayer" parent="CurrentColor"]
anims/Hover = SubResource( 4 )

[node name="CollisionShape" type="CollisionShape" parent="."]
shape = SubResource( 5 )
disabled = true

[node name="AnimationPlayer" type="AnimationPlayer" parent="."]
anims/Hover = SubResource( 6 )

[node name="PaletteCollision" type="CollisionShape" parent="."]
shape = SubResource( 7 )

[node name="Palettes" type="Spatial" parent="."]
editor/display_folded = true

[node name="Global" type="Spatial" parent="Palettes"]
transform = Transform( 1, 0, 0, 0, 1, 0, 0, 0, 1, -0.27, 0, -0.2 )

[node name="Local" type="Spatial" parent="Palettes"]
transform = Transform( 1, 0, 0, 0, 1, 0, 0, 0, 1, 0.07, 0, -0.2 )

[node name="Sliders" type="Spatial" parent="."]

[node name="R" parent="Sliders" instance=ExtResource( 3 )]
transform = Transform( 1, 0, 0, 0, 1, 0, 0, 0, 1, 0, 0, -0.2 )
color = Color( 1, 0, 0, 1 )
length = 0.1
min_val = 0.0
max_val = 1.0
step = 0.00392157
value = 0.0

[node name="G" parent="Sliders" instance=ExtResource( 3 )]
transform = Transform( 1, 0, 0, 0, 1, 0, 0, 0, 1, 0, 0, -0.175 )
color = Color( 0, 1, 0, 1 )
length = 0.1
min_val = 0.0
max_val = 1.0
step = 0.00392157
value = 0.0

[node name="B" parent="Sliders" instance=ExtResource( 3 )]
transform = Transform( 1, 0, 0, 0, 1, 0, 0, 0, 1, 0, 0, -0.15 )
color = Color( 0, 0, 1, 1 )
length = 0.1
min_val = 0.0
max_val = 1.0
step = 0.00392157
value = 0.0

[node name="Label" parent="Sliders" instance=ExtResource( 4 )]
transform = Transform( 0.02, 0, 0, 0, -8.74228e-10, 0.02, 0, -0.02, -8.74228e-10, 0, 0, -0.125 )
text = "#FFFFFF"

[node name="Add" type="Spatial" parent="Sliders"]
transform = Transform( 0.04, 0, 0, 0, -1.74846e-09, 0.04, 0, -0.04, -1.74846e-09, 0, 0, 0.175 )

[node name="Button" parent="Sliders/Add" instance=ExtResource( 5 )]
mode = 1

[node name="MeshInstance" type="MeshInstance" parent="Sliders/Add/Button"]
mesh = ExtResource( 6 )
material/0 = null
[connection signal="toggled" from="Sliders/Add/Button" to="." method="_on_add_toggled"]
